@misc{anderson1970,
    title={Two models for memory organization using interacting traces},
    DOI={10.1016/0025-5564(70)90147-1},
    journal={Math. Biosci.},
    author={J. A. Anderson},
    year={1970}
}

@article{anderson1968,
    author = {Anderson, J. A.},
    citeulike-article-id = {3641019},
    journal = {Kybernetik},
    pages = {113--119},
    posted-at = {2008-11-21 08:28:12},
    priority = {2},
    title = {{A memory storage model utilizing spatial correlation functions}},
    volume = {5},
    year = {1968}
}

@article{betancourt,
    author={G. Betancourt, E. Giraldo, J.Franco},
    title={Reconocimiento de patrones de movimiento a partir de señales electromiográficas},
    journal={Scientia Et Technica ISSN: 0122-1701},
    year={2004},
    volume={Año XI},
    number={27},
    pages={63-58},
    month={}
}

@book{bienfait,
    title={Bases fisiológicas de la terapia manual y de la osteopatía},
    edition={2. ed.},
    author={M. Bienfait, C. Geronés},
    isbn={},
    url={},
    year={1997},
    publisher={Barcelona: Paidotribo.}
}

@book{bienfait1997,
  title={Bases fisiológicas de la terapia manual y de la osteopatía},
  author={Bienfait, M.},
  isbn={9788480193092},
  series={Fisioterapia y terapias manuales},
  year={1997},
  publisher={Paidotribo}
}

@Book{cruz2011,
    author = {Cruz, Pedro},
    title = {Inteligencia artificial con aplicaciones a la ingeniería},
    publisher = {Marcombo},
    year = {2011},
    address = {Barcelona},
    isbn = {978-8426717061}
}

@article{cybenko1989,
    added-at = {2008-03-11T14:52:34.000+0100},
    author = {Cybenko, G.},
    citeulike-article-id = {2380191},
    interhash = {96aecb02daa11041489259a8edb54070},
    intrahash = {13bb93b8812940a05dbffc1062db3983},
    journal = {Mathematics of Control, Signals, and Systems},
    keywords = {inaki},
    pages = {303--314},
    priority = {2},
    timestamp = {2008-03-11T14:52:34.000+0100},
    title = {Approximation by Superpositions of a Sigmoidal Function},
    volume = 2,
    year = 1989
}
% biburl = {http://www.bibsonomy.org/bibtex/213bb93b8812940a05dbffc1062db3983/idsia},

@book{du2003,
    title={Feature Extraction for Classification of Prehensile Electromyography Patterns},
    author={Du, S.},
    year={2003},
    publisher={San Diego State University}
}
%url={http://books.google.cl/books?id=ZcwyOAAACAAJ},

@article{englehart2003,
    title={Continuous multifunction myoelectric control using pattern recognition},
    author={Englehart, Kevin and Hudgins, Bernard and Chan, Adrian DC},
    journal={Technology and Disability},
    volume={15},
    number={2},
    pages={95--103},
    year={2003},
    publisher={IOS Press}
}

@online{fann,
  title = {Fast Artificial Neural Network Library},
  howpublished = {\url{http://leenissen.dk/fann/wp/}},
  note = {Último acceso: \today}
}

@article{farry1996,
    author={Farry, K.A and Walker, ID. and Baraniuk, R.G.},
    journal={Robotics and Automation, IEEE Transactions on},
    title={Myoelectric teleoperation of a complex robotic hand},
    year={1996},
    month={Oct},
    volume={12},
    number={5},
    pages={775-788},
    keywords={electromyography;manipulators;signal processing;telerobotics;16-DOF Utah/MIT Dextrous Hand;abduction;chuck grasp;complex anthropomorphic robotic hands;data collection apparatus;extension;flexion;key grasp;myoelectric prosthetic hands;myoelectric signal processing;myoelectric teleoperation;offline discrimination;real-time teleoperation implementation;thumb motions;Anthropomorphism;Grasping;Motion control;Muscles;NASA;Prosthetic hand;Robot control;Signal generators;Thumb;User interfaces},
    doi={10.1109/70.538982},
    ISSN={1042-296X},
}

@inptoceedings{ferguson2002,
    author = {Simon Ferguson and G Reg Dunlop},
    title = {Grasp Recognition from Myoelectric Signals},
    booktitle = {Proceedings of the Australasian conference robotics and automation},
    year = {2002}
}

@article{graupe1989,
    author={Graupe, D.},
    journal={Biomedical Engineering, IEEE Transactions on},
    title={EMG pattern analysis for patient-responsive control of FES in paraplegics for walker-supported walking},
    year={1989},
    month={July},
    volume={36},
    number={7},
    pages={711-719},
    keywords={bioelectric potentials;muscle;orthotics;pattern recognition;EMG pattern analysis;above-lesion surface EMG signals;below-lesion response-EMG control;electromyography;fatigue;patient-responsive control;stimulus level regulation;upper-motor-neuron paraplegics;walker-supported walking;Biomedical electrodes;Electromyography;Employment;Hospitals;Legged locomotion;Medical control systems;Muscles;Neuromuscular stimulation;Pattern analysis;Time series analysis;Electric Stimulation Therapy;Electromyography;Humans;Leg;Paraplegia;Signal Processing, Computer-Assisted;Walkers},
    doi={10.1109/10.32103},
    ISSN={0018-9294},
}

@article{hannafor1986,
    author={Hannaford, B. and Lehman, Steven},
    journal={Biomedical Engineering, IEEE Transactions on},
    title={Short Time Fourier Analysis of the Electromyogram: Fast Movements and Constant Contraction},
    year={1986},
    month={Dec},
    volume={BME-33},
    number={12},
    pages={1173-1181},
    keywords={Discrete Fourier transforms;Electromyography;Frequency;Magnetic heads;Muscles;Signal analysis;Spectrogram;Speech analysis;Statistical distributions;Wrist;Biomedical Engineering;Electromyography;Fourier Analysis;Humans;Movement;Muscle Contraction;Signal Processing, Computer-Assisted},
    doi={10.1109/TBME.1986.325697},
    ISSN={0018-9294},
}

@book{hebb2002,
    title={The Organization of Behavior: A Neuropsychological Theory},
    author={Hebb, D.O.},
    isbn={9781410612403},
    series={E-Books von NetLibrary},
    year={2002},
    publisher={Taylor \& Francis}
}
% url={http://books.google.cl/books?id=gUtwMochAI8C},

@article{hopfield1982,
    abstract = {{Computational properties of use of biological organisms or to the construction of computers can emerge as collective properties of systems having a large number of simple equivalent components (or neurons). The physical meaning of content-addressable memory is described by an appropriate phase space flow of the state of a system. A model of such a system is given, based on aspects of neurobiology but readily adapted to integrated circuits. The collective properties of this model produce a content-addressable memory which correctly yields an entire memory from any subpart of sufficient size. The algorithm for the time evolution of the state of the system is based on asynchronous parallel processing. Additional emergent collective properties include some capacity for generalization, familiarity recognition, categorization, error correction, and time sequence retention. The collective properties are only weakly sensitive to details of the modeling or the failure of individual devices.}},
    author = {Hopfield, J. J.},
    citeulike-article-id = {878138},
    citeulike-linkout-0 = {http://www.pnas.org/content/79/8/2554.abstract},
    citeulike-linkout-1 = {http://www.pnas.org/content/79/8/2554.full.pdf},
    citeulike-linkout-2 = {http://www.pnas.org/cgi/content/abstract/79/8/2554},
    citeulike-linkout-3 = {http://www.ncbi.nlm.nih.gov/pmc/articles/PMC346238/},
    citeulike-linkout-4 = {http://view.ncbi.nlm.nih.gov/pubmed/6953413},
    citeulike-linkout-5 = {http://www.hubmed.org/display.cgi?uids=6953413},
    day = {1},
    issn = {0027-8424},
    journal = {Proceedings of the National Academy of Sciences of the United States of America},
    keywords = {emergence, neural\_computation},
    month = apr,
    number = {8},
    pages = {2554--2558},
    pmcid = {PMC346238},
    pmid = {6953413},
    posted-at = {2009-10-06 16:50:26},
    priority = {4},
    publisher = {National Academy of Sciences},
    title = {{Neural networks and physical systems with emergent collective computational abilities.}},
    volume = {79},
    year = {1982}
}
% url = {http://www.pnas.org/content/79/8/2554.abstract},

@article{hornik1989,
    author = {Hornik, K. and Stinchcombe, M. and White, H.},
    title = {Multilayer Feedforward Networks Are Universal Approximators},
    journal = {Neural Netw.},
    issue_date = {1989},
    volume = {2},
    number = {5},
    month = jul,
    year = {1989},
    issn = {0893-6080},
    pages = {359--366},
    numpages = {8},
    doi = {10.1016/0893-6080(89)90020-8},
    acmid = {70408},
    publisher = {Elsevier Science Ltd.},
    address = {Oxford, UK, UK},
}
% url = {http://dx.doi.org/10.1016/0893-6080(89)90020-8},

@book{irarrazaval1999c1,
    title={Análisis de señales},
    author={P. Irarrázaval},
    isbn={9789562780797},
    year={1999},
    publisher={McGraw-Hill Interamericana},
    chapter={1},
}
% url={http://books.google.cl/books?id=teGDAAAACAAJ},

@book{irarrazaval1999c2,
    title={Análisis de señales},
    author={P. Irarrázaval},
    isbn={9789562780797},
    year={1999},
    publisher={McGraw-Hill Interamericana},
    chapter={2},
}
% url={http://books.google.cl/books?id=teGDAAAACAAJ},

@inptoceedings{jorgensen2000,
    author = {Charles Jorgensen and Charles Jorgensen and Kevin Wheeler and Kevin Wheeler and Slawomir Stepniewski and Slawomir Stepniewski},
    title = {Bioelectric Control of a 757 Class High Fidelity Aircraft Simulation},
    booktitle = {Proceedings of the World Automation Congress, June 11-16,Wailea Maui},
    year = {2000}
}

@article{kang1995,
    author={Wen-Juh Kang and Jiue-Rou Shiu and Cheng-Kung Cheng and Jin-Shin Lai and Hen-Wai Tsao and Te-Son Kuo},
    journal={Biomedical Engineering, IEEE Transactions on},
    title={The application of cepstral coefficients and maximum likelihood method in EMG pattern recognition [movements classification]},
    year={1995},
    month={Aug},
    volume={42},
    number={8},
    pages={777-785},
    keywords={biomechanics;electromyography;medical signal processing;pattern recognition;Bayes classifier;EMG pattern recognition;Euclidean distance measure;able-bodied subjects;bilateral sternocleidomastoid;cepstral coefficients;cluster separability;conventional autoregressive coefficients;feature space;heavy matrix inversion;maximum likelihood method;mean recognition rate;surface electrodes;upper trapezius muscles;weighted distance measure;Cepstral analysis;Classification algorithms;Electrodes;Electromyography;Euclidean distance;Feature extraction;Frequency domain analysis;Pattern recognition;Wavelength division multiplexing;Weight measurement;Adult;Electromyography;Female;Humans;Likelihood Functions;Male;Mathematics;Pattern Recognition, Automated},
    doi={10.1109/10.398638},
    ISSN={0018-9294},
}

@book{kapandji,
    title={Fisiología articular: esquemas comentados de mecánica humana. Tomo {I} : Miembro superior},
    edition={5a. ed.},
    author={A. I. Kapandji, M. Lacomba},
    isbn={},
    url={},
    year={1998},
    publisher={Madrid: Médica Panamericana.}
}

@article{kohonen1972,
    author={Kohonen, T.},
    journal={Computers, IEEE Transactions on},
    title={Correlation Matrix Memories},
    year={1972},
    month={April},
    volume={C-21},
    number={4},
    pages={353-359},
    keywords={Associative memory;Biological information theory;Biomedical optical imaging;Encoding;Holographic optical components;Holography;Mathematical model;Sampling methods;Signal analysis;Stochastic processes;Associative memory;associative net;associative recall;correlation matrix memory;nonholographic associative memory;pattern recognition},
    doi={10.1109/TC.1972.5008975},
    ISSN={0018-9340},
}

@article{kohonen1974,
    author={Kohonen, T.},
    journal={Computers, IEEE Transactions on},
    title={An Adaptive Associative Memory Principle},
    year={1974},
    month={April},
    volume={C-23},
    number={4},
    pages={444-445},
    keywords={Adaptive system, analog associative memory, associative recall, correlation matrix memory, distributed memory, learning system, pattern recognition, pseudoinverse matrix.;Associative memory;Circuits;Distributed computing;Gradient methods;Information systems;Learning systems;Pattern recognition;Physics computing;Quantum computing;Adaptive system, analog associative memory, associative recall, correlation matrix memory, distributed memory, learning system, pattern recognition, pseudoinverse matrix.},
    doi={10.1109/T-C.1974.223960},
    ISSN={0018-9340},
}

@article{masso,
    author={N. Massó, F. Rey, D. Romer},
    title={Aplicaciones de la electromiografía de superficie en el deporte},
    journal={Apunts Med Esport},
    year={2010},
    volume={45},
    number={165},
    pages={127-136}
}

@article{mcculloch_pitts1943,
    year={1943},
    issn={0007-4985},
    journal={The bulletin of mathematical biophysics},
    volume={5},
    number={4},
    doi={10.1007/BF02478259},
    title={A logical calculus of the ideas immanent in nervous activity},
    publisher={Kluwer Academic Publishers},
    author={McCulloch, WarrenS. and Pitts, Walter},
    pages={115-133},
    language={English}
}
% url={http://dx.doi.org/10.1007/BF02478259},

@Book{netter2003,
    author = {Netter, Frank},
    title = {Atlas de anatom\'{i}a humana},
    publisher = {Masson},
    year = {2003},
    address = {Barcelona},
    isbn = {978-84-4581-759-9}
}

@Book{nordin2004,
    author = {Nordin, Margareta},
    title = {Biomecánica básica del sistema musculoesquelético},
    publisher = {McGraw-Hill Interamericana},
    year = {2004},
    address = {Madrid Santafé de Bogota},
    isbn = {84-486-0635-3}
}

@book{oppenheim,
    title={Tratamiento de señales en tiempo discreto},
    edition={2. ed.},
    author={Alan V. Oppenheim, Ronald W. Schafer, John R. Buck},
    isbn={84-205-2987-7},
    url={},
    year={2000},
    publisher={Madrid: Prentice Hall}
}

@book{rosenblatt1958,
    title={The perceptron: a theory of statistical separability in cognitive systems (Project Para)},
    author={Rosenblatt, F. and Cornell Aeronautical Laboratory},
    series={Report},
    year={1958},
    publisher={Cornell Aeronautical Laboratory}
}
% url={http://books.google.cl/books?id=7Q4-AQAAIAAJ},

@TechReport{rosenblatt1957,
    author= {F. Rosenblatt},
    title= {The perceptron---a perceiving and recognizing automaton},
    type= {Report},
    number= {85-460-1},
    institution= {Cornell Aeronautical Laboratory},
    year= 1957,
    comment= PRNNref,
}

@book{rouviere2005,
    title={Anatom{\'\i}a humana: descriptiva, topogr{\'a}fica y funcional. Miembros},
    author={Rouvi{\`e}re, H. and Delmas, A. and Delmas, V.},
    isbn={9788445813157},
    series={Anatom{\'\i}a humana: descriptiva, topogr{\'a}fica y funcional},
    year={2005},
    publisher={Masson}
}
% url={http://books.google.cl/books?id=JvTMBJ6HGgQC},

@INPROCEEDINGS{sijiang2004,
    author={Sijiang Du and Vuskovic, M.},
    booktitle={Information Reuse and Integration, 2004. IRI 2004. Proceedings of the 2004 IEEE International Conference on},
    title={Temporal vs. spectral approach to feature extraction from prehensile EMG signals},
    year={2004},
    month={Nov},
    pages={344-350},
    abstract={There are generally two nonparametric approaches in feature extraction from temporal signals: temporal and spectral approach. Both approaches were used in classification of prehensile electromyographic (EMG) signals. The goal of this paper is to define and evaluate some successful methods in both approaches and to determine experimentally which method and approach is the most appropriate. The evaluation is based on classification of real EMGs with an ART-based classifier. The efficiency analysis is also provided. The results have shown that a less expensive temporal approach has strong advantages over the spectral methods.},
    keywords={ART neural nets;electromyography;feature extraction;medical signal processing;pattern classification;signal classification;feature extraction;prehensile EMG signal;temporal-spectral approach;Computer science;Electromagnetic compatibility;Electromyography;Feature extraction;Image converters;Pattern recognition;Performance analysis;Signal processing},
    doi={10.1109/IRI.2004.1431485},
}

@article{steinbuch1961,
    added-at = {2008-02-26T11:58:58.000+0100},
    author = {Steinbuch, K.},
    citeulike-article-id = {2379314},
    description = {idsia},
    interhash = {5a92d070ec3a3266378ff839eecfcb01},
    intrahash = {0bd8f124747fa564fcbf21d8e3084f92},
    journal = {Kybernetic},
    keywords = {nn},
    pages = {36--45},
    priority = {2},
    timestamp = {2008-02-26T11:58:58.000+0100},
    title = {Die Lernmatrix},
    volume = 1,
    year = 1961
}
% biburl = {http://www.bibsonomy.org/bibtex/20bd8f124747fa564fcbf21d8e3084f92/schaul},

@article{steinbuch1963,
    author={Steinbuch, K. and Piske, U. A W},
    journal={Electronic Computers, IEEE Transactions on},
    title={Learning Matrices and Their Applications},
    year={1963},
    month={Dec},
    volume={EC-12},
    number={6},
    pages={846-862},
    keywords={Automatic control;Circuits;Filters;Frequency measurement;Machine learning;National electric code;Signal processing;Speech analysis;Speech processing;Speech recognition},
    doi={10.1109/PGEC.1963.263588},
    ISSN={0367-7508},
}

@book{stroustrup2009,
    title={Programming: Principles and Practice Using C++},
    author={Stroustrup, B.},
    isbn={9780321543721},
    lccn={2008032595},
    series={Developer's Library},
    year={2009},
    publisher={Addison-Wesley}
}
% url={http://books.google.cl/books?id=Ud7LLQAACAAJ},

@book{tratado1885,
    title={Tratado elemental de Fisiología humana},
    edition={4a. ed.},
    author={J. Jaime},
    year={1885},
    publisher={Madrir: Imp. y Libr. de Nicol\'as Moya}
}


@Book{vinñuela2004,
    author = {VinÌuela, Pedro},
    title = {Redes de neuronas artificiales: un enfoque praÌctico},
    publisher = {Prentice Hall},
    year = {2004},
    address = {Madrid},
    isbn = {9788420540252}
}

@book{widro1960,
    title={Adaptive 'adaline' neuron using chemical 'memistors'},
    author={Widrow, B. and Stanford University. Stanford Electronics Laboratories and and United States. Office of Naval Research and United States. Army Signal Corps and United States. Air Force and United States. Navy},
    year={1960}
}

@INPROCEEDINGS{zecca2002,
    author = {M. Zecca and S. Micera and M. C. Carrozza and P. Dario},
    title = {Control of multifunctional prosthetic hands by processing the electromyographic signal},
    booktitle = {Critical Reviews in Biomedical Engineering},
    year = {2002},
    pages = {459--485}
}
