% https://www.youtube.com/watch?v=XVmbDxZ-HLI
% https://www.youtube.com/watch?v=5u0jaA3qAGk
% SGD https://www.youtube.com/watch?v=06uq7c4Bw1k

@book{Brio2005,
    title={Redes neuronales y sistemas difusos},
    author={Br{\'\i}o, B.M. and Molina, A.S.},
    isbn={9789586824422},
    series={Textos universitarios},
    url={https://books.google.com.co/books?id=BSeoAAAACAAJ},
    year={2005},
    publisher={Alfaomega}
}

@inproceedings{Cauwenberghs1993,
    added-at = {2008-03-11T14:52:34.000+0100},
    author = {Cauwenberghs, G.},
    biburl = {http://www.bibsonomy.org/bibtex/225f407312a83b5cef6ccca761435c0f4/idsia},
    booktitle = {Advances in Neural Information Processing Systems 5},
    citeulike-article-id = {2381238},
    editor = {Lippman, D. S. and Moody, J. E. and Touretzky, D. S.},
    interhash = {9825313bb4362ec034a9c182927f78a3},
    intrahash = {25f407312a83b5cef6ccca761435c0f4},
    keywords = {juergen},
    priority = {2},
    publisher = {Morgan Kaufmann},
    timestamp = {2008-03-11T14:54:40.000+0100},
    title = {A Fast Stochastic Error-Descent Algorithm for Supervised Learning and Optimization},
    year = 1993
}

@INPROCEEDINGS{Dasgupta1992,
    author={D. Dasgupta and D. R. McGregor},
    booktitle={Combinations of Genetic Algorithms and Neural Networks, 1992., COGANN-92. International Workshop on},
    title={Designing application-specific neural networks using the structured genetic algorithm},
    year={1992},
    pages={87-96},
    keywords={genetic algorithms;learning (artificial intelligence);neural nets;application-specific neural networks;gene activation mechanism;learning algorithm;multi-layered structure;redundant genetic material;structured genetic algorithm;Algorithm design and analysis;Backpropagation algorithms;Biological cells;Biological processes;Biological system modeling;Computer science;Design optimization;Genetic algorithms;Network topology;Neural networks},
    doi={10.1109/COGANN.1992.273946},
    month={Jun},
}

@article{Dauphin2014,
    author    = {Yann Dauphin and Razvan Pascanu and {\c{C}}aglar G{\"{u}}l{\c{c}}ehre and Kyunghyun Cho and Surya Ganguli and Yoshua Bengio},
    title     = {Identifying and attacking the saddle point problem in high-dimensional non-convex optimization},
    journal   = {CoRR},
    volume    = {abs/1406.2572},
    year      = {2014},
    url       = {http://arxiv.org/abs/1406.2572},
    timestamp = {Tue, 01 Jul 2014 11:58:08 +0200},
    biburl    = {http://dblp.uni-trier.de/rec/bib/journals/corr/DauphinPGCGB14},
    bibsource = {dblp computer science bibliography, http://dblp.org}
}
@Inbook{DeFalco1998,
    author="De Falco, I.
    and Cioppa, A. Della
    and Natale, P.
    and Tarantino, E.",
    editor="Chawdhry, P. K.
    and Roy, R.
    and Pant, R. K.",
    title="Artificial Neural Networks Optimization by means of Evolutionary Algorithms",
    bookTitle="Soft Computing in Engineering Design and Manufacturing",
    year="1998",
    publisher="Springer London",
    address="London",
    pages="3--12",
    isbn="978-1-4471-0427-8",
    doi="10.1007/978-1-4471-0427-8_1",
    url="http://dx.doi.org/10.1007/978-1-4471-0427-8_1"
}



@MASTERSTHESIS {Hochreiter1991,
    author = "Sepp Hochreiter",
    title  = "Untersuchungen zu dynamischen neuronalen Netzen",
    school = "Institut f. Informatik, Technische Univ. Munich",
    year   = "1991",
    type   = "Diploma thesis"
}

@mastersthesis{Fritsch1996,
    author       = {Jürgen Fritsch},
    title        = {Modular Neural Networks for Speech Recognition},
    school       = {School of Computer Science, Carnegic Mellon University},
    year         = 1996,
    address      = {Pittsburgh, PA 15213},
    month        = 8,
    note         = {}
}

@article{Hochreiter1997a,
    author = {Hochreiter, Sepp and Schmidhuber, J\"{u}rgen},
    title = {Long Short-Term Memory},
    journal = {Neural Comput.},
    issue_date = {November 15, 1997},
    volume = {9},
    number = {8},
    month = nov,
    year = {1997},
    issn = {0899-7667},
    pages = {1735--1780},
    numpages = {46},
    url = {http://dx.doi.org/10.1162/neco.1997.9.8.1735},
    doi = {10.1162/neco.1997.9.8.1735},
    acmid = {1246450},
    publisher = {MIT Press},
    address = {Cambridge, MA, USA},
}

@INPROCEEDINGS{Hochreiter1997b,
    author = {Sepp Hochreiter and Jürgen Schmidhuber},
    title = {LSTM Can Solve Hard Long Time Lag Problems},
    booktitle = {Advances in Neural Information Processing Systems 9},
    year = {1997},
    pages = {473--479},
    publisher = {MIT Press}
}

@MISC{Hochreiter1998a,
    author = {Sepp Hochreiter},
    title = {Recurrent Neural Net Learning and Vanishing Gradient},
    year = {1998}
}

@article{Hochreiter1998b,
    author = {Hochreiter, Sepp},
    title = {The Vanishing Gradient Problem During Learning Recurrent Neural Nets and Problem Solutions},
    journal = {Int. J. Uncertain. Fuzziness Knowl.-Based Syst.},
    issue_date = {April 1998},
    volume = {6},
    number = {2},
    month = apr,
    year = {1998},
    issn = {0218-4885},
    pages = {107--116},
    numpages = {10},
    url = {http://dx.doi.org/10.1142/S0218488598000094},
    doi = {10.1142/S0218488598000094},
    acmid = {355233},
    publisher = {World Scientific Publishing Co., Inc.},
    address = {River Edge, NJ, USA},
    keywords = {long short-term memory, long-term dependencies, recurrent neural nets, vanishing gradient},
}

@MISC{Hochreiter2001,
    author = {Sepp Hochreiter and Yoshua Bengio and Paolo Frasconi and Jürgen Schmidhuber},
    title = {Gradient Flow in Recurrent Nets: the Difficulty of Learning Long-Term Dependencies},
    year = {2001}
}


@article{Schmidhuber1992,
    author = {Schmidhuber, J\"{u}rgen},
    title = {Learning Complex, Extended Sequences Using the Principle of History Compression},
    journal = {Neural Comput.},
    issue_date = {March 1992},
    volume = {4},
    number = {2},
    month = mar,
    year = {1992},
    issn = {0899-7667},
    pages = {234--242},
    numpages = {9},
    url = {http://dx.doi.org/10.1162/neco.1992.4.2.234},
    doi = {10.1162/neco.1992.4.2.234},
    acmid = {148076},
    publisher = {MIT Press},
    address = {Cambridge, MA, USA},
}
